


@online{2,
author = {M. Eng. Christian Hennig},
url = {https://learn.fh-kiel.de/pluginfile.php/253050/mod_folder/content/0/Versuch%203%20SAM.pdf?forcedownload=1}
}


@online{1,
author = {PVA Tepla AG},
url = {https://www.pvatepla-lwt.com/technologien/funktionsweise-der-ultraschallmikroskopie/}
}
@online{fraunhofer-sintern,
  author       = {{Fraunhofer IZM}},
  title        = {Silber-Sintern in der Leistungselektronik},
  year         = {2020},
  url          = {https://www.izm.fraunhofer.de/de/leistungen/aufbau--und-verbindungstechnik/sintern/silbersintern.html},
  note         = {Zugriff am 19. Juni 2025}
}

@online{telsonic,
  author       = {{Telsonic AG}},
  title        = {Ultraschallschweißen in der Leistungselektronik},
  year         = {2022},
  url          = {https://www.telsonic.com/de/industrien/elektronik/},
  note         = {Zugriff am 19. Juni 2025}
}

@online{tu-berlin-laminieren,
  author       = {{Technische Universität Berlin}},
  title        = {Laminiertechnologie für Leistungsmodule},
  year         = {2021},
  url          = {https://depositonce.tu-berlin.de/handle/11303/13205},
  note         = {Zugriff am 19. Juni 2025}
}


